<record><leader>00000cas a22000007a 4500</leader><controlfield tag="001">26091701</controlfield><controlfield tag="008">920626d18861887mouwr ne      0    0eng d</controlfield><datafield ind1=" " ind2=" " tag="010"><subfield code="a">sn 92056739 </subfield></datafield><datafield ind1=" " ind2=" " tag="040"><subfield code="a">MGN</subfield><subfield code="b">eng</subfield><subfield code="c">MGN</subfield><subfield code="d">OCLCQ</subfield></datafield><datafield ind1=" " ind2=" " tag="042"><subfield code="a">msc</subfield></datafield><datafield ind1="0" ind2="0" tag="245"><subfield code="a">Poplar Bluff renovator.</subfield></datafield><datafield ind1=" " ind2=" " tag="260"><subfield code="a">Poplar Bluff, Butler County, Mo. :</subfield><subfield code="b">[Tom Martyn, D.A. McLellan]</subfield></datafield><datafield ind1=" " ind2=" " tag="300"><subfield code="a">v.</subfield></datafield><datafield ind1=" " ind2=" " tag="310"><subfield code="a">Weekly</subfield></datafield><datafield ind1="1" ind2=" " tag="362"><subfield code="a">Began Jan. 1886? Ceased in 1887?</subfield></datafield><datafield ind1=" " ind2=" " tag="588"><subfield code="a">Description based on: Vol. 1, new ser. no. 12 (Apr. 17, 1886).</subfield></datafield><datafield ind1=" " ind2=" " tag="752"><subfield code="a">United States</subfield><subfield code="b">Missouri</subfield><subfield code="c">Butler</subfield><subfield code="d">Poplar Bluff.</subfield></datafield></record>